<record xmlns="http://www.loc.gov/MARC21/slim" xmlns:xsi="http://www.w3.org/2001/XMLSchema-instance" xsi:schemaLocation="http://www.loc.gov/MARC21/slim http://www.loc.gov/standards/marcxml/schema/MARC21slim.xsd"><leader>     nam a22        4500</leader><controlfield tag="001">3073895</controlfield><controlfield tag="003">NNC</controlfield><controlfield tag="006">m        d        </controlfield><controlfield tag="007">cr cn |||m|||a</controlfield><controlfield tag="008">150316s1936    xx      o     000 0 araod</controlfield><datafield ind1=" " ind2=" " tag="040"><subfield code="a">NNU</subfield><subfield code="b">eng</subfield><subfield code="e">rda</subfield><subfield code="c">NNU</subfield></datafield><datafield ind1=" " ind2="4" tag="050"><subfield code="a">PJ6095</subfield><subfield code="b">.M8</subfield></datafield><datafield ind1="0" ind2="0" tag="245"><subfield code="6">880-01</subfield><subfield code="a">Muna&#772;z&#803;arah lughawi&#772;yah adabi&#772;yah /</subfield><subfield code="b">bayna  &#699;Abd Alla&#772;h al-Busta&#772;ni&#772; , &#699;Abd al-Qa&#772;dir al-Maghrabi&#772;, Anasta&#772;s al-Kirmili&#772;.</subfield></datafield><datafield ind1=" " ind2=" " tag="260"><subfield code="6">880-02</subfield><subfield code="a">al-Qa&#772;hirah :</subfield><subfield code="b">Maktabat al-Qudus,</subfield><subfield code="c">[1936]</subfield></datafield><datafield ind1=" " ind2=" " tag="300"><subfield code="a">online resource (96 pages)</subfield></datafield><datafield ind1=" " ind2=" " tag="336"><subfield code="a">text</subfield><subfield code="2">rdacontent</subfield></datafield><datafield ind1=" " ind2=" " tag="337"><subfield code="a">computer</subfield><subfield code="2">rdamedia</subfield></datafield><datafield ind1=" " ind2=" " tag="338"><subfield code="a">online resource</subfield><subfield code="2">rdacarrier</subfield></datafield><datafield ind1=" " ind2=" " tag="500"><subfield code="a">Part of the Arabic Collections Online (ACO) project, contributed by Columbia University Libraries.</subfield></datafield><datafield ind1=" " ind2=" " tag="533"><subfield code="a">Electronic reproduction.</subfield><subfield code="b">New York, N.Y. :</subfield><subfield code="c">New York University,</subfield><subfield code="d">2015.</subfield><subfield code="5">NNU</subfield></datafield><datafield ind1=" " ind2="0" tag="650"><subfield code="a">Arabic language.</subfield></datafield><datafield ind1=" " ind2="7" tag="650"><subfield code="a">Arabic language.</subfield><subfield code="2">fast</subfield><subfield code="0">(OCoLC)fst00812287</subfield></datafield><datafield ind1="1" ind2=" " tag="700"><subfield code="6">880-03</subfield><subfield code="a">Busta&#772;ni&#772;, &#699;Abd Alla&#772;h.</subfield></datafield><datafield ind1="1" ind2=" " tag="700"><subfield code="6">880-04</subfield><subfield code="a">Maghrabi&#772;, &#699;Abd al-Qa&#772;dir.</subfield></datafield><datafield ind1="1" ind2=" " tag="700"><subfield code="6">880-05</subfield><subfield code="a">Anasta&#772;s Ma&#772;ri&#772;, al-Kirmili&#772;,</subfield><subfield code="d">-1947.</subfield></datafield><datafield ind1="2" ind2=" " tag="710"><subfield code="a">Columbia University.</subfield><subfield code="b">Libraries.</subfield></datafield><datafield ind1="0" ind2=" " tag="730"><subfield code="a">Arabic Collections Online.</subfield></datafield><datafield ind1="0" ind2="8" tag="776"><subfield code="i">Print version:</subfield><subfield code="t">Muna&#772;z&#803;arah lughawi&#772;yah adabi&#772;yah</subfield><subfield code="w">(NNC)3073895</subfield><subfield code="w">(OCoLC)32828312</subfield></datafield><datafield ind1="4" ind2="0" tag="856"><subfield code="u">http://hdl.handle.net/2333.1/6hdr7w1b</subfield></datafield><datafield ind1="0" ind2="0" tag="880"><subfield code="6">245-01/r</subfield><subfield code="a">&#1605;&#1606;&#1575;&#1591;&#1585;&#1577; &#1604;&#1594;&#1608;&#1610;&#1577; &#1571;&#1583;&#1576;&#1610;&#1577; /</subfield><subfield code="c">&#1576;&#1610;&#1606; &#1593;&#1576;&#1583;&#1575;&#1604;&#1604;&#1607; &#1575;&#1604;&#1576;&#1587;&#1578;&#1575;&#1606;&#1609;&#1548; &#1593;&#1576;&#1583;&#1575;&#1604;&#1602;&#1575;&#1583;&#1585; &#1575;&#1604;&#1605;&#1594;&#1585;&#1576;&#1609;&#1548; &#1575;&#1606;&#1587;&#1578;&#1575;&#1587; &#1575;&#1604;&#1603;&#1585;&#1605;&#1604;&#1609;.</subfield></datafield><datafield ind1=" " ind2=" " tag="880"><subfield code="6">260-02/r</subfield><subfield code="a">&#1575;&#1604;&#1602;&#1575;&#1607;&#1585;&#1577; :</subfield><subfield code="b">&#1605;&#1603;&#1578;&#1576;&#1577; &#1575;&#1604;&#1602;&#1583;&#1587;&#1609;&#1548;</subfield><subfield code="c">[1936] 1355.</subfield></datafield><datafield ind1="1" ind2=" " tag="880"><subfield code="6">700-03/r</subfield><subfield code="a">&#1576;&#1587;&#1578;&#1575;&#1606;&#1610;&#1548; &#1593;&#1576;&#1583; &#1575;&#1604;&#1604;&#1607;.</subfield></datafield><datafield ind1="1" ind2=" " tag="880"><subfield code="6">700-04/r</subfield><subfield code="a">&#1605;&#1594;&#1585;&#1576;&#1610;&#1548; &#1593;&#1576;&#1583; &#1575;&#1604;&#1602;&#1575;&#1583;&#1585;.</subfield></datafield><datafield ind1="1" ind2=" " tag="880"><subfield code="6">700-05/r</subfield><subfield code="a">&#1575;&#1606;&#1587;&#1578;&#1575;&#1587; &#1605;&#1575;&#1585;&#1610;&#1548; &#1575;&#1604;&#1603;&#1585;&#1605;&#1604;&#1610;&#1548;</subfield><subfield code="d">1947.</subfield></datafield><datafield ind1=" " ind2=" " tag="959"><subfield code="a">NNU</subfield><subfield code="b">WEB</subfield><subfield code="c">GENI</subfield><subfield code="t">0</subfield><subfield code="m">Electronic access</subfield><subfield code="s">01</subfield></datafield><datafield ind1=" " ind2=" " tag="999"><subfield code="i">NNC_3073895</subfield><subfield code="o">(OCoLC)ocm32828312</subfield><subfield code="e">(ERROR-880)</subfield><subfield code="s">columbia_aco000397</subfield></datafield></record>